<record><leader>00000cas a2200000 a 4500</leader><controlfield tag="001">17347706</controlfield><controlfield tag="008">880114d18911899wauwr ne      0   a0eng d</controlfield><datafield ind1=" " ind2=" " tag="010"><subfield code="a">sn 88085189 </subfield></datafield><datafield ind1=" " ind2=" " tag="040"><subfield code="a">SLZ</subfield><subfield code="b">eng</subfield><subfield code="c">SLZ</subfield><subfield code="d">OCL</subfield><subfield code="d">OCLCQ</subfield><subfield code="d">DLC</subfield><subfield code="d">OCLCF</subfield><subfield code="d">DLC</subfield></datafield><datafield ind1="0" ind2=" " tag="022"><subfield code="a">2333-844X</subfield><subfield code="2">1</subfield></datafield><datafield ind1=" " ind2=" " tag="042"><subfield code="a">msc</subfield><subfield code="a">nsdp</subfield></datafield><datafield ind1=" " ind2=" " tag="043"><subfield code="a">n-us-wa</subfield></datafield><datafield ind1="0" ind2="0" tag="050"><subfield code="a">Newspaper</subfield></datafield><datafield ind1="0" ind2="0" tag="082"><subfield code="a">071</subfield><subfield code="2">23</subfield></datafield><datafield ind1="0" ind2=" " tag="130"><subfield code="a">Islander (Friday Harbor, Wash.)</subfield></datafield><datafield ind1=" " ind2="4" tag="222"><subfield code="a">The islander</subfield><subfield code="b">(Friday Harbor, Wash. Print)</subfield></datafield><datafield ind1="1" ind2="4" tag="245"><subfield code="a">The islander.</subfield></datafield><datafield ind1=" " ind2=" " tag="260"><subfield code="a">Friday Harbor, Wash. :</subfield><subfield code="b">J.C. Wheeler</subfield></datafield><datafield ind1=" " ind2=" " tag="300"><subfield code="a">8 v.</subfield></datafield><datafield ind1=" " ind2=" " tag="310"><subfield code="a">Weekly</subfield></datafield><datafield ind1="0" ind2=" " tag="362"><subfield code="a">Vol. 1, no. 1 (Mar. 6, 1891)-v. 8, no. 1 (Feb. 17, 1898).</subfield></datafield><datafield ind1=" " ind2=" " tag="530"><subfield code="a">Archived issues are available in digital format as part of the Library of Congress Chronicling America online collection.</subfield></datafield><datafield ind1=" " ind2="0" tag="651"><subfield code="a">Friday Harbor (Wash.)</subfield><subfield code="v">Newspapers.</subfield></datafield><datafield ind1=" " ind2="7" tag="651"><subfield code="a">Washington (State)</subfield><subfield code="z">Friday Harbor.</subfield><subfield code="2">fast</subfield><subfield code="0">(OCoLC)fst01216598</subfield></datafield><datafield ind1=" " ind2="7" tag="655"><subfield code="a">Newspapers.</subfield><subfield code="2">fast</subfield><subfield code="0">(OCoLC)fst01423814</subfield></datafield><datafield ind1=" " ind2=" " tag="752"><subfield code="a">United States</subfield><subfield code="b">Washington</subfield><subfield code="c">San Juan</subfield><subfield code="d">Friday Harbor.</subfield></datafield><datafield ind1="0" ind2="8" tag="776"><subfield code="i">Online version:</subfield><subfield code="t">Islander (Friday Harbor, Wash. : Online)</subfield><subfield code="x">2333-8458</subfield><subfield code="w">(DLC)  2013271915</subfield></datafield><datafield ind1="0" ind2="0" tag="785"><subfield code="t">San Juan islander</subfield><subfield code="x">2158-4737</subfield><subfield code="w">(DLC)sn 88085190</subfield><subfield code="w">(OCoLC)17347718</subfield></datafield><datafield ind1="4" ind2="1" tag="856"><subfield code="u">http://www.loc.gov/chroniclingamerica/lccn/sn88085189/issues</subfield></datafield><datafield ind1="1" ind2=" " tag="029"><subfield code="a">AU@</subfield><subfield code="b">000025812070</subfield></datafield></record>